@book{adams1995hitchhiker,
  title={The Hitchhiker's Guide to the Galaxy},
  author={Adams, D.},
  isbn={9781417642595},
  url={http://books.google.com/books?id=W-xMPgAACAAJ},
  year={1995},
  publisher={San Val}
}

@book{adams1981restaurant,
  title={The Restaurant at the End of the Universe},
  author={Adams, D.},
  isbn={9780517545355},
  lccn={81006563},
  series={Hitch hiker's guide to the galaxy},
  url={https://books.google.se/books?id=p4BmAAAAMAAJ},
  year={1981},
  publisher={Harmony Books}
}

@book{lauesen2001software,
  title={Software Requirements},
  author={Lauesen, Soren},
  isbn={0201745704},
  url={https://www.pearson.com/us/higher-education/program/Lauesen-Software-Requirements-Styles-Techniques/PGM11471.html},
  year={2001},
  publisher={Addison Wesley}
}
